<record><leader>00000cas a2200000 a 4500</leader><controlfield tag="001">34340529</controlfield><controlfield tag="008">960311c19959999iluwr ne      0   a0eng c</controlfield><datafield ind1=" " ind2=" " tag="010"><subfield code="a">sn 96003228 </subfield></datafield><datafield ind1=" " ind2=" " tag="040"><subfield code="a">NSD</subfield><subfield code="b">eng</subfield><subfield code="c">NSD</subfield><subfield code="d">CVF</subfield><subfield code="d">CUS</subfield><subfield code="d">OCLCQ</subfield><subfield code="d">OCLCF</subfield><subfield code="d">NVF</subfield></datafield><datafield ind1=" " ind2=" " tag="012"><subfield code="m">y</subfield></datafield><datafield ind1="1" ind2=" " tag="022"><subfield code="a">0744-5385</subfield><subfield code="l">0744-5385</subfield><subfield code="y">1087-5352</subfield><subfield code="2">1</subfield></datafield><datafield ind1=" " ind2=" " tag="032"><subfield code="a">421980</subfield><subfield code="b">USPS</subfield></datafield><datafield ind1=" " ind2=" " tag="037"><subfield code="b">Pioneer Press, 3701 West Lake Ave., Glenview, IL 60025</subfield><subfield code="c">$24.95</subfield></datafield><datafield ind1=" " ind2=" " tag="042"><subfield code="a">nsdp</subfield><subfield code="a">pcc</subfield></datafield><datafield ind1=" " ind2=" " tag="043"><subfield code="a">n-us-il</subfield></datafield><datafield ind1=" " ind2="0" tag="222"><subfield code="a">Park Ridge herald-advocate.</subfield></datafield><datafield ind1="0" ind2="0" tag="245"><subfield code="a">Park Ridge herald-advocate.</subfield></datafield><datafield ind1="3" ind2=" " tag="246"><subfield code="a">Park Ridge herald advocate</subfield></datafield><datafield ind1=" " ind2=" " tag="260"><subfield code="a">Glenview, Ill. :</subfield><subfield code="b">Pioneer Press,</subfield><subfield code="c">1995-</subfield></datafield><datafield ind1=" " ind2=" " tag="300"><subfield code="a">v.</subfield></datafield><datafield ind1=" " ind2=" " tag="310"><subfield code="a">Weekly,</subfield><subfield code="b">June 22, 1995-</subfield></datafield><datafield ind1=" " ind2=" " tag="321"><subfield code="a">Weekly (except semiweekly in Mar., June, and Sept.),</subfield><subfield code="b">Mar. 2-June 15, 1995</subfield></datafield><datafield ind1="0" ind2=" " tag="362"><subfield code="a">Vol. 62, no. 23 (Mar. 2, 1995)-</subfield></datafield><datafield ind1=" " ind2=" " tag="530"><subfield code="a">Also available via the World Wide Web.</subfield></datafield><datafield ind1=" " ind2="0" tag="651"><subfield code="a">Park Ridge (Ill.)</subfield><subfield code="v">Newspapers.</subfield></datafield><datafield ind1=" " ind2="7" tag="651"><subfield code="a">Illinois</subfield><subfield code="z">Park Ridge.</subfield><subfield code="2">fast</subfield><subfield code="0">(OCoLC)fst01232339</subfield></datafield><datafield ind1=" " ind2="7" tag="655"><subfield code="a">Newspapers.</subfield><subfield code="2">fast</subfield><subfield code="0">(OCoLC)fst01423814</subfield></datafield><datafield ind1=" " ind2=" " tag="752"><subfield code="a">United States</subfield><subfield code="b">Illinois</subfield><subfield code="c">Cook</subfield><subfield code="d">Glenview.</subfield></datafield><datafield ind1="0" ind2="8" tag="776"><subfield code="i">Online version:</subfield><subfield code="t">Park Ridge herald-advocate (Online)</subfield><subfield code="w">(DLC)sn 96003228</subfield><subfield code="w">(OCoLC)233143396</subfield></datafield><datafield ind1="0" ind2="0" tag="780"><subfield code="t">Park Ridge advocate</subfield><subfield code="x">0744-5385</subfield><subfield code="w">(DLC)sn 82002436</subfield><subfield code="w">(OCoLC)8338858</subfield></datafield><datafield ind1="1" ind2=" " tag="029"><subfield code="a">AU@</subfield><subfield code="b">000012364716</subfield></datafield></record>